@misc {Unity, title = {Unity}, date = {2018-05-29}, file = {:./references/.html:html}, howpublished = {\url{https://unity3d.com/} }, note = {Accessed: 2018-05-29}}
@misc {Mono, title = {Mono}, date = {2018-05-28}, file = {:./references/.html:html}, howpublished = {\url{https://www.mono-project.com/} }, note = {Accessed: 2018-05-29}}
@misc {UnityManualScriptSerialization, title = {Unity - When might the serializer behave unexpectedly?}, date = {2018-05-19}, file = {:./references/Manual-script-Serialization.html.html:html}, howpublished = {\url{https://docs.unity3d.com/Manual/script-Serialization.html} }, note = {Accessed: 2018-05-29}}
@misc {UnityGameConsiderationsforModdingSupport, title = {Unity Game Considerations for Modding Support}, date = {2017-09-26}, file = {:./references/2017-09-26-unity-game-considerations-for-modding-support-.html:html}, howpublished = {\url{https://coffeebraingames.wordpress.com/2017/09/26/unity-game-considerations-for-modding-support/} }, note = {Accessed: 2018-05-29}}
@misc {UnitysgarbagecollectorWhynongenerationalandnoncompacting, title = {Unity's garbage collector - Why non-generational and non-compacting?}, date = {2017-10-05}, file = {:./references/questions-46574407-unitys-garbage-collector-why-non-generational-and-non-compacting-46576471.html:html}, howpublished = {\url{https://stackoverflow.com/questions/46574407/unitys-garbage-collector-why-non-generational-and-non-compacting/46576471#46576471} }, note = {Accessed: 2018-05-29}}
@misc {BoehmGarbageCollector, title = {Boehm-Demers-Weiser Garbage Collector used in Mono}, date = {2018-05-28}, file = {:./references/.html:html}, howpublished = {\url{https://github.com/ivmai/bdwgc} }, note = {Accessed: 2018-05-29}}
@misc {UnityMultiplayer51UnityMultiplayerDeadReckoningUnityForum-2018-05-29, title = {Unity Multiplayer Dead Reckoning - Unity Forum}, date = {2018-05-29}, file = {:./references/threads-5-1-unity-multiplayer-dead-reckoning.332783-.html:html}, howpublished = {\url{https://forum.unity.com/threads/5-1-unity-multiplayer-dead-reckoning.332783/} }, note = {Accessed: 2018-05-29}}
@misc {WhatisUnrealEngine4, title = {What is Unreal Engine 4}, date = {2018-05-29}, file = {:./references/en-US-what-is-unreal-engine-4.html:html}, howpublished = {\url{https://www.unrealengine.com/en-US/what-is-unreal-engine-4} }, note = {Accessed: 2018-05-29}}
@misc {WhatarethedisadvantagesofUnrealEngine4, title = {What are the disadvantages of Unreal Engine 4?}, date = {2017-07-12}, file = {:./references/What-are-the-disadvantages-of-Unreal-Engine-4.html:html}, howpublished = {\url{https://www.quora.com/What-are-the-disadvantages-of-Unreal-Engine-4} }, note = {Accessed: 2018-05-29}}
@misc {libgdx, title = {libgdx}, date = {2018-05-14}, file = {:./references/.html:html}, howpublished = {\url{https://libgdx.badlogicgames.com/} }, note = {Accessed: 2018-05-29}}
@misc {GarbageCollectionPerformance, title = {Garbage Collection Performance}, date = {2018-05-29}, file = {:./references/javase-8-docs-technotes-guides-troubleshoot-performissues003.html.html:html}, howpublished = {\url{https://docs.oracle.com/javase/8/docs/technotes/guides/troubleshoot/performissues003.html} }, note = {Accessed: 2018-05-29}}
@misc {PackagingaProject, title = {Packaging a Project}, date = {2018-05-14}, file = {:./references/documentation-gettingstarted-Packaging.html.html:html}, howpublished = {\url{https://libgdx.badlogicgames.com/documentation/gettingstarted/Packaging.html#packaging-for-desktop} }, note = {Accessed: 2018-05-29}}
@misc {OverviewlibgdxAPI, title = {libgdx API}, date = {2018-05-26}, file = {:./references/ci-nightlies-docs-api-.html:html}, howpublished = {\url{https://libgdx.badlogicgames.com/ci/nightlies/docs/api/} }, note = {Accessed: 2018-05-29}}
@misc {C4EngineWikipedia, title = {C4 Engine - Wikipedia}, date = {2018-05-23}, file = {:./references/wiki-C4_Engine.html:html}, howpublished = {\url{https://en.wikipedia.org/wiki/C4_Engine} }, note = {Accessed: 2018-05-29}}
@misc {BenchmarksBoostDI, title = {Benchmarks - [Boost].DI}, date = {2018-05-28}, file = {:./references/di-benchmarks-index.html.html:html}, howpublished = {\url{http://boost-experimental.github.io/di/benchmarks/index.html} }, note = {Accessed: 2018-05-29}}
@misc {AngelScript, title = {AngelScript}, date = {2017-12-16}, file = {:./references/angelscript-.html:html}, howpublished = {\url{http://www.angelcode.com/angelscript/} }, note = {Accessed: 2018-05-29}}
@misc {AntTweakBar, title = {AntTweakBar}, date = {2018-05-29}, file = {:./references/doc-.html:html}, howpublished = {\url{http://anttweakbar.sourceforge.net/doc/} }, note = {Accessed: 2018-05-29}}
@misc {howtoAntTweakBar, title = {AntTweakBar - usage}, date = {2018-05-29}, file = {:./references/doc-tools:anttweakbar:howto.html:html}, howpublished = {\url{http://anttweakbar.sourceforge.net/doc/tools:anttweakbar:howto} }, note = {Accessed: 2018-05-29}}
@misc {ApacheAnt, title = {Apache Ant}, date = {2018-03-28}, file = {:./references/.html:html}, howpublished = {\url{https://ant.apache.org/} }, note = {Accessed: 2018-05-29}}
@misc {Blowfishcipher, title = {Blowfish (cipher) - Wikipedia}, date = {2018-05-23}, file = {:./references/wiki-Blowfish_(cipher).html:html}, howpublished = {\url{https://en.wikipedia.org/wiki/Blowfish_(cipher)} }, note = {Accessed: 2018-05-29}}
@misc {BoostCLibraries, title = {Boost C++ Libraries}, date = {2018-05-29}, file = {:./references/.html:html}, howpublished = {\url{https://www.boost.org/} }, note = {Accessed: 2018-05-29}}
@misc {BoostDI, title = {[Boost].DI}, date = {2018-05-28}, file = {:./references/di-.html:html}, howpublished = {\url{http://boost-experimental.github.io/di/} }, note = {Accessed: 2018-05-29}}
@misc {cereal, title = {cereal}, date = {2018-04-16}, file = {:./references/cereal-.html:html}, howpublished = {\url{https://uscilab.github.io/cereal/} }, note = {Accessed: 2018-05-29}}
@misc {CgprogramminglanguageWikipedia, title = {Cg programming language - Wikipedia}, date = {2018-05-13}, file = {:./references/wiki-Cg_(programming_language).html:html}, howpublished = {\url{https://en.wikipedia.org/wiki/Cg_(programming_language)} }, note = {Accessed: 2018-05-29}}
@misc {CppcheckAtoolforstaticCCcodeanalysis, title = {Cppcheck - A tool for static C/C++ code analysis}, date = {2018-05-29}, file = {:./references/.html:html}, howpublished = {\url{http://cppcheck.sourceforge.net/} }, note = {Accessed: 2018-05-29}}
@misc {DebugBreak, title = {DebugBreak}, date = {2018-05-28}, file = {:./references/.html:html}, howpublished = {\url{https://github.com/scottt/debugbreak} }, note = {Accessed: 2018-05-29}}
@misc {DebugInterfaceAccessSDK, title = {Debug Interface Access SDK}, date = {2018-05-29}, file = {:./references/en-us-library-x93ctkx8.aspx.html:html}, howpublished = {\url{https://msdn.microsoft.com/en-us/library/x93ctkx8.aspx} }, note = {Accessed: 2018-05-29}}
@misc {GraphvizGraphVisualizationSoftware, title = {Graphviz - Graph Visualization Software}, date = {2018-05-26}, file = {:./references/.html:html}, howpublished = {\url{http://www.graphviz.org/} }, note = {Accessed: 2018-05-29}}
@misc {DoxygenMainPage, title = {Doxygen: Main Page}, date = {2018-05-23}, file = {:./references/~dimitri-doxygen-.html:html}, howpublished = {\url{http://www.stack.nl/~dimitri/doxygen/} }, note = {Accessed: 2018-05-29}}
@misc {FASTBuildHighPerformanceBuildSystem, title = {FASTBuild - High-Performance Build System}, date = {2018-02-04}, file = {:./references/docs-home.html.html:html}, howpublished = {\url{http://www.fastbuild.org/docs/home.html} }, note = {Accessed: 2018-05-29}}
@misc {GitWikipedia, title = {Git - Wikipedia}, date = {2018-05-28}, file = {:./references/wiki-Git.html:html}, howpublished = {\url{https://en.wikipedia.org/wiki/Git#History} }, note = {Accessed: 2018-05-29}}
@misc {MercurialSCM, title = {Mercurial SCM}, date = {2018-05-29}, file = {:./references/.html:html}, howpublished = {\url{https://www.mercurial-scm.org/} }, note = {Accessed: 2018-05-29}}
@misc {GLEW, title = {GLEW: The OpenGL Extension Wrangler Library}, date = {2017-07-31}, file = {:./references/.html:html}, howpublished = {\url{http://glew.sourceforge.net/} }, note = {Accessed: 2018-05-29}}
@misc {OpenGLWikipedia, title = {OpenGL - Wikipedia}, date = {2018-05-28}, file = {:./references/wiki-OpenGL.html:html}, howpublished = {\url{https://en.wikipedia.org/wiki/OpenGL#Development} }, note = {Accessed: 2018-05-29}}
@misc {GoogleTestMock, title = {Google Test/Mock}, date = {2018-05-28}, file = {:./references/.html:html}, howpublished = {\url{https://github.com/google/googletest} }, note = {Accessed: 2018-05-29}}
@misc {GoogleTestRunner, title = {Google Test Runner}, date = {2018-05-28}, file = {:./references/.html:html}, howpublished = {\url{https://github.com/nholthaus/gtest-runner} }, note = {Accessed: 2018-05-29}}
@misc {MicrosoftCompiledHTMLHelpWikipedia, title = {Microsoft Compiled HTML Help - Wikipedia}, date = {2018-05-28}, file = {:./references/wiki-Microsoft_Compiled_HTML_Help.html:html}, howpublished = {\url{https://en.wikipedia.org/wiki/Microsoft_Compiled_HTML_Help} }, note = {Accessed: 2018-05-29}}
@misc {LevenshteindistanceWikipedia, title = {Levenshtein distance - Wikipedia}, date = {2018-05-21}, file = {:./references/wiki-Levenshtein_distance.html:html}, howpublished = {\url{https://en.wikipedia.org/wiki/Levenshtein_distance} }, note = {Accessed: 2018-05-29}}
@misc {JavaSE, title = {Java SE}, date = {2018-05-29}, file = {:./references/technetwork-java-javase-overview-index.html.html:html}, howpublished = {\url{http://www.oracle.com/technetwork/java/javase/overview/index.html} }, note = {Accessed: 2018-05-29}}
@misc {TheLLVMCompilerInfrastructureProject, title = {The LLVM Compiler Infrastructure Project}, date = {2018-05-29}, file = {:./references/.html:html}, howpublished = {\url{https://llvm.org/} }, note = {Accessed: 2018-05-29}}
@misc {Comparingclangtootheropensourcecompilers, title = {Comparing clang to other open source compilers}, date = {2018-05-29}, file = {:./references/comparison.html.html:html}, howpublished = {\url{https://clang.llvm.org/comparison.html} }, note = {Accessed: 2018-05-29}}
@misc {LLVMWikipedia, title = {LLVM - Wikipedia}, date = {2018-05-28}, file = {:./references/wiki-LLVM.html:html}, howpublished = {\url{https://en.wikipedia.org/wiki/LLVM} }, note = {Accessed: 2018-05-29}}
@misc {ThePDBFileFormatLLVM7documentation, title = {The PDB File Format — LLVM 7 documentation}, date = {2018-05-28}, file = {:./references/docs-PDB-index.html.html:html}, howpublished = {\url{https://llvm.org/docs/PDB/index.html} }, note = {Accessed: 2018-05-29}}
@misc {MathJax, title = {MathJax - Beautiful math in all browsers.}, date = {2018-04-24}, file = {:./references/.html:html}, howpublished = {\url{https://www.mathjax.org/} }, note = {Accessed: 2018-05-29}}
@misc {VLCFeaturesVideoLAN, title = {VLC - Features}, date = {2018-05-28}, file = {:./references/vlc-features.html.html:html}, howpublished = {\url{https://www.videolan.org/vlc/features.html} }, note = {Accessed: 2018-05-29}}
@misc {libVLCVideoLANWiki, title = {libVLC - VideoLAN}, date = {2018-01-23}, file = {:./references/LibVLC-.html:html}, howpublished = {\url{https://wiki.videolan.org/LibVLC/} }, note = {Accessed: 2018-05-29}}
@incollection{Archive1,
  author      = "Remi Arnaud",
  title       = "The Game Asset Pipeline",
  editor      = "Eric Lengyel",
  booktitle   = "Game Engine Gems, Volume One",
  publisher   = "Jones \& Bartlett Publishers",
  year        = 2010,
  pages       = "11-38",
  chapter     = 2,
}
@incollection{Archive2,
  author      = "Bruno Sousa",
  title       = "File Management Using Resource Files",
  editor      = "Mark A. DeLoura",
  booktitle   = "Game Programming Gems, Volume Two",
  publisher   = "Charles River Media, Inc.",
  year        = 2001,
  pages       = "100-104",
  chapter     = 1.15,
}
@misc {Archive3, title = {NTFS performance and large volumes of files and directories}, date = {2014-10-05}, file = {:./references/.html:html}, howpublished = {\url{https://stackoverflow.com/a/26205776/151150} }, note = {Accessed: 2018-05-29}}
@misc {miniZip, title = {miniZip}, date = {2018-05-22}, file = {:./references/.html:html}, howpublished = {\url{https://github.com/nmoinvaz/minizip} }, note = {Accessed: 2018-05-29}}
@misc {LLVMrc, title = {Empty shell of llvm-rc}, date = {2017-07-24}, howpublished = {\url{https://reviews.llvm.org/D35810} }, note = {Accessed: 2018-05-29}}
@misc {MinGW, title = {MinGW - Minimalist GNU for Windows}, date = {2018-05-28}, howpublished = {\url{http://www.mingw.org/} }, note = {Accessed: 2018-05-29}}
@misc {msxml, title = {MSXML - Wikipedia}, date = {2018-04-19}, howpublished = {\url{https://en.wikipedia.org/wiki/MSXML} }, note = {Accessed: 2018-05-29}}
@misc {xsltBrowserSupport, title = {Test Cases for XSLT support in browsers}, date = {2018-05-29}, howpublished = {\url{http://test.greenbytes.de/tech/tc/xslt/} }, note = {Accessed: 2018-05-29}}
@misc {ctrlbreakWinApi, title = {HandlerRoutine - WinAPI reference}, date = {2018-05-29}, howpublished = {\url{http://winapi.freetechsecrets.com/win32/WIN32HandlerRoutine.htm} }, note = {Accessed: 2018-05-29}}
@misc {whyctrlbreakWinApi, title = {MSDN: The arms race between programs and users}, date = {2018-05-29}, howpublished = {\url{https://blogs.msdn.microsoft.com/oldnewthing/20040216-00/?p=40603/} }, note = {Accessed: 2018-05-29}}
@misc {Multipleconsolesforasingleapplication, title = {Multiple consoles for a single application - CodeProject}, date = {2018-05-29}, howpublished = {\url{https://www.codeproject.com/Articles/13368/Multiple-consoles-for-a-single-application} }, urldate = {2018-05-29}}
@misc {NSIS, title = {Nullsoft Scriptable Install System - Wikipedia}, date = {2018-03-03}, howpublished = {\url{https://en.wikipedia.org/wiki/Nullsoft_Scriptable_Install_System} }, note = {Accessed: 2018-05-29}}
@misc {OpenAL, title = {OpenAL - History - Wikipedia}, date = {2018-05-15}, howpublished = {\url{https://en.wikipedia.org/wiki/OpenAL#History} }, note = {Accessed: 2018-05-29}}
@misc {OpenCppCoverage, title = {OpenCppCoverage}, date = {2018-02-25}, howpublished = {\url{https://github.com/OpenCppCoverage/OpenCppCoverage} }, note = {Accessed: 2018-05-29}}
@misc {pugixml, title = {pugixml}, date = {2018-05-29}, howpublished = {\url{https://pugixml.org/} }, note = {Accessed: 2018-05-29}}
@misc {pugixmlBenchmark, title = {pugixml - Benchmark}, date = {2018-05-29}, howpublished = {\url{https://pugixml.org/benchmark.html} }, note = {Accessed: 2018-05-29}}
@misc {python, title = {Python 3.5.0}, date = {2015-09-13}, howpublished = {\url{https://www.python.org/downloads/release/python-350/} }, note = {Accessed: 2018-05-29}}
@misc {remotery, title = {Remotery}, date = {2018-04-10}, howpublished = {\url{https://github.com/Celtoys/Remotery} }, note = {Accessed: 2018-05-29}}
@misc {sdl, title = {SDL}, date = {2018-05-29}, howpublished = {\url{https://www.libsdl.org/} }, note = {Accessed: 2018-05-29}}
@misc {stb, title = {stb - single-file public domain (or MIT licensed) libraries for C/C++}, date = {2018-02-11}, howpublished = {\url{https://github.com/nothings/stb} }, note = {Accessed: 2018-05-29}}
@misc {texlive, title = {TeX Live}, date = {2018-04-27}, howpublished = {\url{https://www.tug.org/texlive/} }, note = {Accessed: 2018-05-29}}
@misc {thttpd, title = {thttpd}, date = {2018-05-29}, howpublished = {\url{https://acme.com/software/thttpd/} }, note = {Accessed: 2018-05-29}}
@misc {upx, title = {UPX - the Ultimate Packer for eXecutables}, date = {2017-05-12}, howpublished = {\url{https://upx.github.io/} }, note = {Accessed: 2018-05-29}}
@misc {vscode, title = {Visual Studio Code}, date = {2018-05-29}, howpublished = {\url{https://code.visualstudio.com/} }, note = {Accessed: 2018-05-29}}
@misc {msvc, title = {Microsoft Visual Studio - Wikipedia}, date = {2018-04-20}, howpublished = {\url{https://en.wikipedia.org/wiki/Microsoft_Visual_C%2B%2B} }, note = {Accessed: 2018-05-29}}
@misc {msvcdrivespace, title = {Visual Studio 2017 Product Family System Requirements}, date = {2018-05-29}, howpublished = {\url{https://docs.microsoft.com/en-us/visualstudio/productinfo/vs2017-system-requirements-vs} }, note = {Accessed: 2018-05-29}}
@misc {wxwidgets, title = {wxWidgets: Cross-Platform GUI Library}, date = {2018-05-29}, howpublished = {\url{https://www.wxwidgets.org/} }, note = {Accessed: 2018-05-29}}
@misc {qt, title = {qT}, date = {2018-05-29}, howpublished = {\url{https://www.qt.io/} }, note = {Accessed: 2018-05-29}}
@misc {winDBG, title = {WinDBG - Wikipedia}, date = {2018-04-23}, howpublished = {\url{https://en.wikipedia.org/wiki/WinDbg} }, note = {Accessed: 2018-05-29}}
